<record><leader>00000cas a22000007a 4500</leader><controlfield tag="001">13674446</controlfield><controlfield tag="008">860602d18851889mtuwr ne      0    0eng d</controlfield><datafield ind1=" " ind2=" " tag="010"><subfield code="a">sn 86075206 </subfield></datafield><datafield ind1=" " ind2=" " tag="040"><subfield code="a">MTL</subfield><subfield code="b">eng</subfield><subfield code="c">MTL</subfield><subfield code="d">OCLCQ</subfield></datafield><datafield ind1=" " ind2=" " tag="042"><subfield code="a">msc</subfield></datafield><datafield ind1="0" ind2="0" tag="245"><subfield code="a">Montana live stock journal.</subfield></datafield><datafield ind1=" " ind2=" " tag="260"><subfield code="a">Helena, Mont. :</subfield><subfield code="b">G.E. Boos &amp; Co.,</subfield><subfield code="c">1885-1889.</subfield></datafield><datafield ind1=" " ind2=" " tag="300"><subfield code="a">5 v. :</subfield><subfield code="b">ill. (chiefly ads) ;</subfield><subfield code="c">30-54 cm.</subfield></datafield><datafield ind1=" " ind2=" " tag="310"><subfield code="a">Weekly,</subfield><subfield code="b">Aug. 18, 1886-Apr. 20, 1889</subfield></datafield><datafield ind1=" " ind2=" " tag="321"><subfield code="a">Monthly,</subfield><subfield code="b">Mar. 1885-June 1886</subfield></datafield><datafield ind1="0" ind2=" " tag="362"><subfield code="a">Vol. 1, no. 11 (Mar. 1885)-v. 5, no. 47 (Apr. 20, 1889).</subfield></datafield><datafield ind1=" " ind2=" " tag="500"><subfield code="a">"A Monthly Publication, Devoted to the Live Stock Interests of Montana."</subfield></datafield><datafield ind1=" " ind2=" " tag="500"><subfield code="a">"Devoted to Agriculture, Live-stock, Farming, Household Interests and General News of the Northwest."</subfield></datafield><datafield ind1=" " ind2=" " tag="752"><subfield code="a">United States</subfield><subfield code="b">Montana</subfield><subfield code="c">Lewis and Clark</subfield><subfield code="d">Helena.</subfield></datafield><datafield ind1="0" ind2="0" tag="780"><subfield code="t">Montana stock and mining journal</subfield><subfield code="w">(DLC)sn 86075207</subfield></datafield><datafield ind1="0" ind2="0" tag="785"><subfield code="t">Montana farming and stock journal</subfield><subfield code="w">(DLC)sn 86075205</subfield></datafield></record>